
@article{bourdon2021sporadic,
  title={Sporadic points of odd degree on {$X_1(N)$} coming from $\mathbb{Q}$-curves},
  author={Bourdon, Abbey and Najman, Filip},
  journal={arXiv preprint arxiv:2107.10909},
  year={2021},
  note={https://arxiv.org/abs/2107.10909}
}
