@article{Bourdon2019,
  title = {On the level of modular curves that give rise to isolated j-invariants},
  journal = {Advances in Mathematics},
  volume = {357},
  pages = {106824},
  year = {2019},
  issn = {0001-8708},
  doi = {https://doi.org/10.1016/j.aim.2019.106824},
  url = {https://www.sciencedirect.com/science/article/pii/S0001870819304414},
  author = {Abbey Bourdon and \"{O}zlem Ejder and Yuan Liu and Frances Odumodu and Bianca Viray},
}
